<record><leader>00000cas a2200000 a 4500</leader><controlfield tag="001">36373547</controlfield><controlfield tag="008">970212d18761966miuwr n       0    0eng c</controlfield><datafield ind1=" " ind2=" " tag="010"><subfield code="a">sn 97063159 </subfield></datafield><datafield ind1=" " ind2=" " tag="040"><subfield code="a">MHN</subfield><subfield code="b">eng</subfield><subfield code="c">MHN</subfield><subfield code="d">OCL</subfield><subfield code="d">MHN</subfield><subfield code="d">OCLCQ</subfield><subfield code="d">OCLCF</subfield><subfield code="d">OCLCO</subfield></datafield><datafield ind1="1" ind2=" " tag="029"><subfield code="a">AU@</subfield><subfield code="b">000013092674</subfield></datafield><datafield ind1=" " ind2=" " tag="042"><subfield code="a">pcc</subfield></datafield><datafield ind1=" " ind2=" " tag="043"><subfield code="a">n-us-mi</subfield></datafield><datafield ind1="0" ind2=" " tag="130"><subfield code="a">Utica sentinel (Utica, Mich.)</subfield></datafield><datafield ind1="1" ind2="4" tag="245"><subfield code="a">The Utica sentinel.</subfield></datafield><datafield ind1=" " ind2=" " tag="260"><subfield code="a">Utica, Mich. :</subfield><subfield code="b">O.B. Culley &amp; Co.</subfield></datafield><datafield ind1=" " ind2=" " tag="300"><subfield code="a">v.</subfield></datafield><datafield ind1=" " ind2=" " tag="310"><subfield code="a">Semiweekly,</subfield><subfield code="b">May 17, 1966-</subfield></datafield><datafield ind1=" " ind2=" " tag="321"><subfield code="a">Weekly,</subfield><subfield code="b">&lt;Sept. 1, 1876&gt;-May 12, 1966</subfield></datafield><datafield ind1="1" ind2=" " tag="362"><subfield code="a">Began Aug. 11, 1876.</subfield></datafield><datafield ind1="0" ind2=" " tag="362"><subfield code="a">-v. 56, no. 39 (May 6, 1932) = whole no. 2899 ; 56th yr., no. 40 (May 13, 1932) = whole no. 2900-90th yr., no. 40 (May 12, 1966) ; v. 90, no. 41 (May 17, 1966)-v. 90, no. 46 (June 7, 1966).</subfield></datafield><datafield ind1=" " ind2=" " tag="500"><subfield code="a">Issue called: Twenty-fifth Anniversary ed., Oct. 6, 1900.</subfield></datafield><datafield ind1=" " ind2=" " tag="588"><subfield code="a">Description based on: Vol. 1, no. 4 (Sept. 1, 1876).</subfield></datafield><datafield ind1=" " ind2="0" tag="651"><subfield code="a">Utica (Mich.)</subfield><subfield code="v">Newspapers.</subfield></datafield><datafield ind1=" " ind2="0" tag="651"><subfield code="a">Macomb County (Mich.)</subfield><subfield code="v">Newspapers.</subfield></datafield><datafield ind1=" " ind2="7" tag="655"><subfield code="a">Newspapers.</subfield><subfield code="2">fast</subfield><subfield code="0">(OCoLC)fst01423814</subfield></datafield><datafield ind1=" " ind2="7" tag="651"><subfield code="a">Michigan</subfield><subfield code="z">Macomb County.</subfield><subfield code="2">fast</subfield><subfield code="0">(OCoLC)fst01214769</subfield></datafield><datafield ind1=" " ind2="7" tag="651"><subfield code="a">Michigan</subfield><subfield code="z">Utica.</subfield><subfield code="2">fast</subfield><subfield code="0">(OCoLC)fst01232902</subfield></datafield><datafield ind1=" " ind2=" " tag="752"><subfield code="a">United States</subfield><subfield code="b">Michigan</subfield><subfield code="c">Macomb</subfield><subfield code="d">Utica.</subfield></datafield><datafield ind1="0" ind2="0" tag="785"><subfield code="t">Sentinel (Utica, Mich.)</subfield><subfield code="w">(DLC)sn2001063730</subfield><subfield code="w">(OCoLC)47903174</subfield></datafield></record>